@incollection {BettenBLT,
    AUTHOR = {Betten, Anton},
     TITLE = {Rainbow cliques and the classification of small {BLT}-sets},
 BOOKTITLE = {I{SSAC} 2013---{P}roceedings of the 38th {I}nternational
              {S}ymposium on {S}ymbolic and {A}lgebraic {C}omputation},
     PAGES = {53--60},
 PUBLISHER = {ACM, New York},
      YEAR = {2013},
   MRCLASS = {51E99 (05B07)},
  MRNUMBER = {3206340},
       DOI = {10.1145/2465506.2465508},
       URL = {http://dx.doi.org/10.1145/2465506.2465508},
}
@book {BettenCodes,
    AUTHOR = {Betten, Anton and Braun, Michael and Fripertinger, Harald and
              Kerber, Adalbert and Kohnert, Axel and Wassermann, Alfred},
     TITLE = {Error-correcting linear codes},
    SERIES = {Algorithms and Computation in Mathematics},
    VOLUME = {18},
      NOTE = {Classification by isometry and applications,
              With 1 CD-ROM (Windows and Linux)},
 PUBLISHER = {Springer-Verlag},
   ADDRESS = {Berlin},
      YEAR = {2006},
     PAGES = {xl+798},
      ISBN = {978-3-540-28371-3; 3-540-28371-4},
   MRCLASS = {94-02 (11D04 14G50 94B05)},
  MRNUMBER = {2265727 (2008h:94001)},
MRREVIEWER = {Boris {\`E}. Kunyavski{\u\i}},
}
@misc{BettenOrbiter,
    AUTHOR = {Betten, A.},
  note={Orbiter. A program package to classify discrete structures. 2013. 
http://www.math.colostate.edu/$\sim$betten/orbiter/orbiter.html},
}

@misc{BettenACM,
AUTHOR={Betten, A.},
note={Classifying discrete objects with orbiter. ACM Communications in Computer Algebra 01/2014; 47(3/4):183-186.}
}



@incollection {Leon97,
    AUTHOR = {Leon, J.S.},
     TITLE = {Partitions, refinements, and permutation group computation},
 BOOKTITLE = {Groups and computation, II (New Brunswick, NJ, 1995)},
    SERIES = {DIMACS Ser. Discrete Math. Theoret. Comput. Sci.},
    VOLUME = {28},
     PAGES = {123--158},
 PUBLISHER = {Amer. Math. Soc.},
   ADDRESS = {Providence, RI},
      YEAR = {1997},
   MRCLASS = {20B40 (68R05)},
  MRNUMBER = {MR1444135 (98e:20009)},
MRREVIEWER = {J. D. Dixon},
}

@article {Leon91,
    AUTHOR = {Leon, J.S.},
     TITLE = {Permutation group algorithms based on partitions. {I}.
              {T}heory and algorithms},
      NOTE = {Computational group theory, Part 2},
   JOURNAL = {J. Symbolic Comput.},
  FJOURNAL = {Journal of Symbolic Computation},
    VOLUME = {12},
      YEAR = {1991},
    NUMBER = {4-5},
     PAGES = {533--583},
      ISSN = {0747-7171},
   MRCLASS = {68Q40 (20B40)},
  MRNUMBER = {MR1146516 (93c:68043)},
MRREVIEWER = {Jean Moulin Ollagnier},
}


@incollection {Leon84,
    AUTHOR = {Leon, J.S.},
     TITLE = {Computing automorphism groups of combinatorial objects},
 BOOKTITLE = {Computational group theory (Durham, 1982)},
     PAGES = {321--335},
 PUBLISHER = {Academic Press},
   ADDRESS = {London},
      YEAR = {1984},
   MRCLASS = {05-04 (20B25)},
  MRNUMBER = {MR760667 (86j:05004)},
MRREVIEWER = {J. D. Dixon},
}


@incollection {McKay78b,
   AUTHOR = {McKay, Brendan D.},
    TITLE = {Computing automorphisms and canonical labellings of graphs},
BOOKTITLE = {Combinatorial mathematics (Proc. Internat. Conf. Combinatorial
             Theory, Australian Nat. Univ., Canberra, 1977)},
    PAGES = {223--232},
   SERIES = {Lecture Notes in Math.},
   VOLUME = {686},
PUBLISHER = {Springer},
  ADDRESS = {Berlin},
     YEAR = {1978},
}

@incollection {SeressICM,
    AUTHOR = {Seress, {\'A}kos},
     TITLE = {A unified approach to computations with permutation and matrix
              groups},
 BOOKTITLE = {International Congress of Mathematicians. Vol. II},
     PAGES = {245--258},
 PUBLISHER = {Eur. Math. Soc., Z\"urich},
      YEAR = {2006},
   MRCLASS = {20B40 (20B15)},
  MRNUMBER = {MR2275596 (2008a:20006)},
MRREVIEWER = {Johannes Siemons},
}
@book {SeressBook,
    AUTHOR = {Seress, {\'A}kos},
     TITLE = {Permutation group algorithms},
    SERIES = {Cambridge Tracts in Mathematics},
    VOLUME = {152},
 PUBLISHER = {Cambridge University Press},
   ADDRESS = {Cambridge},
      YEAR = {2003},
     PAGES = {x+264},
      ISBN = {0-521-66103-X},
   MRCLASS = {20B40 (20-04)},
  MRNUMBER = {MR1970241 (2004c:20008)},
MRREVIEWER = {D. F. Holt},
}
@book {Holt,
    AUTHOR = {Holt, Derek F. and Eick, Bettina and O'Brien, Eamonn A.},
     TITLE = {Handbook of computational group theory},
    SERIES = {Discrete Mathematics and its Applications (Boca Raton)},
 PUBLISHER = {Chapman \& Hall/CRC, Boca Raton, FL},
      YEAR = {2005},
     PAGES = {xvi+514},
      ISBN = {1-58488-372-3},
   MRCLASS = {20-01 (20-04 68Q42 68Q70 68W30)},
  MRNUMBER = {MR2129747 (2006f:20001)},
MRREVIEWER = {Wolfgang Lempken},
}
	
@misc{BLW03,
author={Betten, A. and Laue, R. and Wassermann, A.},
note={DISCRETA, a tool for constructing t-designs, 
   In: Computer Algebra Handbook, Edited
    by Johannes Grabmeier, Erich Kaltofen, Volker Weispfennig, Springer 2003, pp 372-375.}
}

@article {McKay98,
    AUTHOR = {McKay, B.D.},
     TITLE = {Isomorph-free exhaustive generation},
   JOURNAL = {J. Algorithms},
  FJOURNAL = {Journal of Algorithms},
    VOLUME = {26},
      YEAR = {1998},
    NUMBER = {2},
     PAGES = {306--324},
      ISSN = {0196-6774},
     CODEN = {JOALDV},
   MRCLASS = {68R05 (68R10)},
  MRNUMBER = {MR1606516 (98k:68132)},
MRREVIEWER = {Peter B. Gibbons},
}
@article {Schmalz92,
    AUTHOR = {Schmalz, B.},
     TITLE = {{$t$}-{D}esigns zu vorgegebener {A}utomorphismengruppe},
      NOTE = {Dissertation, Universit\"at Bayreuth, Bayreuth, 1992},
   JOURNAL = {Bayreuth. Math. Schr.},
  FJOURNAL = {Bayreuther Mathematische Schriften},
    VOLUME = {41},
      YEAR = {1992},
     PAGES = {1--164},
      ISSN = {0172-1062},
   MRCLASS = {05B25 (20B35)},
  MRNUMBER = {MR1166044 (93f:05024)},
MRREVIEWER = {Michael Klemm},
}
@misc{GAP2004,
  key          = "GAP",
  note={GAP -- Groups, Algorithms, and Programming, Version 4.4. The GAP
  Group, Aachen, Germany and St. Andrews, Scotland, 2004},
}
  %organization = "The GAP Group",
  %title        = "{GAP -- Groups, Algorithms, and Programming, Version 4.4}",
  %year         = 2004,
  %address      = "Aachen, Germany and St. Andrews, Scotland",

@misc{MAGMA,
  key          = "Magma",
  note={Magma. The Computational Algebra Group within the School of
  Mathematics and Statistics of the University of Sydney, 2004.}
}
  %organization = "The Computational Algebra Group within the School of Mathematics and Statistics of the University of Sydney.",
  %title        = "{Magma}",
  %year         = 2004,
  %address      = "Sydney",

@book {Kaski,
    AUTHOR = {Kaski, P. and {\"O}sterg{\aa}rd, P.},
     TITLE = {Classification algorithms for codes and designs},
   SERIES = {Algorithms and Computation in Mathematics},
   VOLUME = {15},
 PUBLISHER = {Springer-Verlag},
   ADDRESS = {Berlin},
      YEAR = {2006},
}
@misc {BettenDISCRETA,
    AUTHOR = {Betten, Anton and Laue, Reinhard and Wassermann, Alfred},
     TITLE = {DISCRETA, a tool for constructing $t$-designs},
     NOTE = {In: Computer Algebra Handbook, Edited
    by Johannes Grabmeier, Erich Kaltofen, Volker Weispfennig, Springer 2003, pp 372-375.},
}
@misc{Nauty09,
  key          = "Nauty 2.4",
  note={Nauty User's Guide (Version 2.4), Brendan McKay, Australian National University, Nov 4, 2009},
}


@article {Plesken82,
    AUTHOR = {Plesken, Wilhelm},
     TITLE = {Counting with groups and rings},
   JOURNAL = {J. Reine Angew. Math.},
  FJOURNAL = {Journal f\"ur die Reine und Angewandte Mathematik},
    VOLUME = {334},
      YEAR = {1982},
     PAGES = {40--68},
      ISSN = {0075-4102},
     CODEN = {JRMAA8},
   MRCLASS = {20B25 (05A15 20D60)},
  MRNUMBER = {667449 (84a:20008)},
MRREVIEWER = {A. O. Morris},
       DOI = {10.1515/crll.1982.334.40},
       URL = {http://dx.doi.org/10.1515/crll.1982.334.40},
}


@article {BettenTTPcodes,
    AUTHOR = {Betten, Anton},
     TITLE = {Twisted tensor product codes},
   JOURNAL = {Des. Codes Cryptogr.},
  FJOURNAL = {Designs, Codes and Cryptography. An International Journal},
    VOLUME = {47},
      YEAR = {2008},
    NUMBER = {1-3},
     PAGES = {191--219},
      ISSN = {0925-1022},
   MRCLASS = {94B15 (05E20 11T71 20G40 51E20 51E22 94B27)},
  MRNUMBER = {2375467 (2009b:94082)},
MRREVIEWER = {N. L. Manev},
       DOI = {10.1007/s10623-007-9115-0},
       URL = {http://dx.doi.org/10.1007/s10623-007-9115-0},
}

@article {KramerMesner76,
    AUTHOR = {Kramer, Earl S. and Mesner, Dale M.},
     TITLE = {{$t$}-designs on hypergraphs},
   JOURNAL = {Discrete Math.},
  FJOURNAL = {Discrete Mathematics},
    VOLUME = {15},
      YEAR = {1976},
    NUMBER = {3},
     PAGES = {263--296},
      ISSN = {0012-365X},
   MRCLASS = {05B05},
  MRNUMBER = {0460143 (57 \#139)},
MRREVIEWER = {Luc Teirlinck},
}

@article {Trautmann13,
    AUTHOR = {Trautmann, Anna-Lena and Manganiello, Felice and Braun,
              Michael and Rosenthal, Joachim},
     TITLE = {Cyclic orbit codes},
   JOURNAL = {IEEE Trans. Inform. Theory},
  FJOURNAL = {Institute of Electrical and Electronics Engineers.
              Transactions on Information Theory},
    VOLUME = {59},
      YEAR = {2013},
    NUMBER = {11},
     PAGES = {7386--7404},
      ISSN = {0018-9448},
   MRCLASS = {94B15 (94B05)},
  MRNUMBER = {3124651},
       DOI = {10.1109/TIT.2013.2274266},
       URL = {http://dx.doi.org/10.1109/TIT.2013.2274266},
}

@article {Kaski05,
    AUTHOR = {Kaski, Petteri},
     TITLE = {Isomorph-free exhaustive generation of designs with prescribed
              groups of automorphisms},
   JOURNAL = {SIAM J. Discrete Math.},
  FJOURNAL = {SIAM Journal on Discrete Mathematics},
    VOLUME = {19},
      YEAR = {2005},
    NUMBER = {3},
     PAGES = {664--690 (electronic)},
      ISSN = {0895-4801},
   MRCLASS = {05B07 (51E10 68R05)},
  MRNUMBER = {2191287 (2006h:05038)},
MRREVIEWER = {Charles J. Colbourn},
       DOI = {10.1137/S0895480104444788},
       URL = {http://dx.doi.org/10.1137/S0895480104444788},
}

@misc{Doyen74,
 AUTHOR = {Doyen, J.},
 note = {Construction methods in $t$-designs. Proc. Fifth Southeastern Conf. on Combinatorics, Graph Theory and Computing (Utilitas Mathematica, Winnipeg, 1974)},
}

@incollection {Karp72,
    AUTHOR = {Karp, Richard M.},
     TITLE = {Reducibility among combinatorial problems},
 BOOKTITLE = {Complexity of computer computations ({P}roc. {S}ympos., {IBM}
              {T}homas {J}. {W}atson {R}es. {C}enter, {Y}orktown {H}eights,
              {N}.{Y}., 1972)},
     PAGES = {85--103},
 PUBLISHER = {Plenum},
   ADDRESS = {New York},
      YEAR = {1972},
   MRCLASS = {68A20},
  MRNUMBER = {0378476 (51 \#14644)},
MRREVIEWER = {John T. Gill},
}
@ARTICLE{Knuth2000,
   author = {{Knuth}, D.~E.},
    title = "{Dancing links}",
      NOTE = {in Davies, Jim; Roscoe, Bill; Woodcock, Jim, Millennial Perspectives in Computer Science: Proceedings of the 1999 Oxford-Microsoft Symposium in Honour of Sir Tony Hoare, Palgrave, pp. 187-214},
  journal = {eprint arXiv:cs/0011047},
   eprint = {arXiv:cs/0011047},
 keywords = {Computer Science - Data Structures and Algorithms},
     year = 2000,
    month = nov,
   adsurl = {http://adsabs.harvard.edu/abs/2000cs.......11047K},
  adsnote = {Provided by the SAO/NASA Astrophysics Data System}
}

@book {Moon68,
    AUTHOR = {Moon, John W.},
     TITLE = {Topics on tournaments},
 PUBLISHER = {Holt, Rinehart and Winston, New York-Montreal, Que.-London},
      YEAR = {1968},
     PAGES = {viii+104},
   MRCLASS = {05.40},
  MRNUMBER = {0256919 (41 \#1574)},
MRREVIEWER = {W. Moser},
}

@article {Rua09,
    AUTHOR = {R{\'u}a, I. F. and Combarro, El{\'{\i}}as F. and Ranilla, J.},
     TITLE = {Classification of semifields of order 64},
   JOURNAL = {J. Algebra},
  FJOURNAL = {Journal of Algebra},
    VOLUME = {322},
      YEAR = {2009},
    NUMBER = {11},
     PAGES = {4011--4029},
      ISSN = {0021-8693},
     CODEN = {JALGA4},
   MRCLASS = {12K10 (51E14)},
  MRNUMBER = {2556135 (2011b:12014)},
MRREVIEWER = {Alan R. Prince},
       DOI = {10.1016/j.jalgebra.2009.02.020},
       URL = {http://dx.doi.org/10.1016/j.jalgebra.2009.02.020},
}

@article {Read78,
    AUTHOR = {Read, Ronald C.},
     TITLE = {Every one a winner or how to avoid isomorphism search when
              cataloguing combinatorial configurations},
      NOTE = {Algorithmic aspects of combinatorics (Conf., Vancouver Island,
              B.C., 1976)},
   JOURNAL = {Ann. Discrete Math.},
    VOLUME = {2},
      YEAR = {1978},
     PAGES = {107--120},
   MRCLASS = {05CXX (68A10)},
  MRNUMBER = {0491273 (58 \#10537)},
MRREVIEWER = {G. P. Egorycev},
}

@misc{Faradzev,
    AUTHOR = {Faradzev, I.A.},
note={Constructive enumeration of combinatorial objects,
in: Problemes Combinatoires et Theorie des Graphes, 
Universite d'Orsay, July 9--13, 1977, CNRS, Paris, 1978, pp. 131--135.}
}
@article {Schmalz92,
    AUTHOR = {Schmalz, Bernd},
     TITLE = {{$t$}-{D}esigns zu vorgegebener {A}utomorphismengruppe},
      NOTE = {Dissertation, Universit{\"a}t Bayreuth, Bayreuth, 1992},
   JOURNAL = {Bayreuth. Math. Schr.},
  FJOURNAL = {Bayreuther Mathematische Schriften},
    NUMBER = {41},
      YEAR = {1992},
     PAGES = {164},
      ISSN = {0172-1062},
   MRCLASS = {05B25 (20B35)},
  MRNUMBER = {1166044 (93f:05024)},
MRREVIEWER = {Michael Klemm},
}

@article {Schmalz90,
    AUTHOR = {Schmalz, Bernd},
     TITLE = {Verwendung von {U}ntergruppenleitern zur {B}estimmung von
              {D}oppelnebenklassen},
   JOURNAL = {Bayreuth. Math. Schr.},
  FJOURNAL = {Bayreuther Mathematische Schriften},
    NUMBER = {31},
      YEAR = {1990},
     PAGES = {109--143},
      ISSN = {0172-1062},
   MRCLASS = {20-04 (20B40)},
  MRNUMBER = {1056150 (91c:20001)},
MRREVIEWER = {Michael Klemm},
}

@misc{BettenPackings,
    AUTHOR = {Betten, Anton},
note={The Packings in {P}{G}(3,3),
Submitted to Journal of Combinatorial Designs. 2013.}
}
@book {Kerber99,
    AUTHOR = {Kerber, Adalbert},
     TITLE = {Applied finite group actions},
    SERIES = {Algorithms and Combinatorics},
    VOLUME = {19},
   EDITION = {Second},
 PUBLISHER = {Springer-Verlag, Berlin},
      YEAR = {1999},
     PAGES = {xxvi+454},
      ISBN = {3-540-65941-2},
   MRCLASS = {05E99 (05A15 20C30)},
  MRNUMBER = {1716962 (2000j:05129)},
MRREVIEWER = {Vladimir I. Trofimov},
       DOI = {10.1007/978-3-662-11167-3},
       URL = {http://dx.doi.org/10.1007/978-3-662-11167-3},
}

@article {Kung81,
    AUTHOR = {Kung, Joseph P. S.},
     TITLE = {The cycle structure of a linear transformation over a finite
              field},
   JOURNAL = {Linear Algebra Appl.},
  FJOURNAL = {Linear Algebra and its Applications},
    VOLUME = {36},
      YEAR = {1981},
     PAGES = {141--155},
      ISSN = {0024-3795},
     CODEN = {LAAPAW},
   MRCLASS = {15A33 (12C99)},
  MRNUMBER = {604337 (82d:15012)},
MRREVIEWER = {B. R. McDonald},
       DOI = {10.1016/0024-3795(81)90227-5},
       URL = {http://dx.doi.org/10.1016/0024-3795(81)90227-5},
}
@article {Kleinfeld60,
    AUTHOR = {Kleinfeld, Erwin},
     TITLE = {Techniques for enumerating {V}eblen-{W}edderburn systems},
   JOURNAL = {J. Assoc. Comput. Mach.},
  FJOURNAL = {Journal of the Association for Computing Machinery},
    VOLUME = {7},
      YEAR = {1960},
     PAGES = {330--337},
      ISSN = {0004-5411},
   MRCLASS = {50.60},
  MRNUMBER = {0125487 (23 \#A2788)},
MRREVIEWER = {Marshall Hall, Jr.},
}

@article {Rua2009,
    AUTHOR = {R{\'u}a, I. F. and Combarro, El{\'{\i}}as F. and Ranilla, J.},
     TITLE = {Classification of semifields of order 64},
   JOURNAL = {J. Algebra},
  FJOURNAL = {Journal of Algebra},
    VOLUME = {322},
      YEAR = {2009},
    NUMBER = {11},
     PAGES = {4011--4029},
      ISSN = {0021-8693},
     CODEN = {JALGA4},
   MRCLASS = {12K10 (51E14)},
  MRNUMBER = {2556135 (2011b:12014)},
MRREVIEWER = {Alan R. Prince},
       DOI = {10.1016/j.jalgebra.2009.02.020},
       URL = {http://dx.doi.org/10.1016/j.jalgebra.2009.02.020},
}

@article {Knuth65,
    AUTHOR = {Knuth, Donald E.},
     TITLE = {Finite semifields and projective planes},
   JOURNAL = {J. Algebra},
  FJOURNAL = {Journal of Algebra},
    VOLUME = {2},
      YEAR = {1965},
     PAGES = {182--217},
      ISSN = {0021-8693},
   MRCLASS = {50.70},
  MRNUMBER = {0175942 (31 \#218)},
MRREVIEWER = {P. Dembowski},
}

@incollection {Walker63,
    AUTHOR = {Walker, R. J.},
     TITLE = {Determination of division algebras with {$32$} elements},
 BOOKTITLE = {Proc. {S}ympos. {A}ppl. {M}ath., {V}ol. {XV}},
     PAGES = {83--85},
 PUBLISHER = {Amer. Math. Soc., Providence, R.I.},
      YEAR = {1963},
   MRCLASS = {17.10 (50.70)},
  MRNUMBER = {0157991 (28 \#1219)},
MRREVIEWER = {G. Pickert},
}

@incollection {Albert60,
    AUTHOR = {Albert, A. A.},
     TITLE = {Finite division algebras and finite planes},
 BOOKTITLE = {Proc. {S}ympos. {A}ppl. {M}ath., {V}ol. 10},
     PAGES = {53--70},
 PUBLISHER = {American Mathematical Society, Providence, R.I.},
      YEAR = {1960},
   MRCLASS = {17.00 (50.00)},
  MRNUMBER = {0116036 (22 \#6831)},
MRREVIEWER = {A. Sade},
}
@book {vanLintWilson2001,
    AUTHOR = {van Lint, J. H. and Wilson, R. M.},
     TITLE = {A course in combinatorics},
   EDITION = {Second},
 PUBLISHER = {Cambridge University Press, Cambridge},
      YEAR = {2001},
     PAGES = {xiv+602},
      ISBN = {0-521-00601-5},
   MRCLASS = {05-01 (90B10)},
  MRNUMBER = {1871828 (2002i:05001)},
       DOI = {10.1017/CBO9780511987045},
       URL = {http://dx.doi.org/10.1017/CBO9780511987045},
}
@article {HararyMoser66,
    AUTHOR = {Harary, Frank and Moser, Leo},
     TITLE = {The theory of round robin tournaments},
   JOURNAL = {Amer. Math. Monthly},
  FJOURNAL = {The American Mathematical Monthly},
    VOLUME = {73},
      YEAR = {1966},
     PAGES = {231--246},
      ISSN = {0002-9890},
   MRCLASS = {05.60},
  MRNUMBER = {0197347 (33 \#5512)},
MRREVIEWER = {O. Ore},
}

@misc{Laue1,
    AUTHOR = {Laue, Reinhard},
  note={Computing Double Coset Representatives for the Generation of Solvable Groups. Lecture Notes in Computer Science. 144. Springer-Verlag. 1982},
}
@misc{Laue2,
    AUTHOR = {Laue, Reinhard},
  note={Abbildungen und Algorithmen. S\'eminaire Lotharingien de Combinatoire. 115-132. 13.-16. Mai 1986. Burg Feuerstein.},
}
@misc{RuchKlein,
    AUTHOR = {Ruch, Ernst and Klein, Douglas~J.},
  note={{\em Double Cosets in Chemisty and Physics.} Theoretica Chimica Acta 63. 447-472. Springer-Verlag. 1983},
}
@misc{Ruch,
    AUTHOR = {Ruch, Ernst},
  note={{\em Doppelnebenklassen als Klassenbegriff und Nomenklaturprinzip f\"ur Isomere und ihre Abz\"ahlung.} Theoretica Chimica Acta 19. 288-300. Springer-Verlag. 1970},
}
@book {JamesKerber,
    AUTHOR = {James, Gordon and Kerber, Adalbert},
     TITLE = {The representation theory of the symmetric group},
    SERIES = {Encyclopedia of Mathematics and its Applications},
    VOLUME = {16},
      NOTE = {With a foreword by P. M. Cohn,
              With an introduction by Gilbert de B. Robinson},
 PUBLISHER = {Addison-Wesley Publishing Co., Reading, Mass.},
      YEAR = {1981},
     PAGES = {xxviii+510},
      ISBN = {0-201-13515-9},
   MRCLASS = {20-02 (20C30)},
  MRNUMBER = {644144 (83k:20003)},
MRREVIEWER = {A. O. Morris},
}
@article {Brown74,
    AUTHOR = {Brown, Harold and Hjelmeland, Larry and Masinter, Larry},
     TITLE = {Constructive graph labeling using double cosets},
   JOURNAL = {Discrete Math.},
  FJOURNAL = {Discrete Mathematics},
    VOLUME = {7},
      YEAR = {1974},
     PAGES = {1--30},
      ISSN = {0012-365X},
   MRCLASS = {05C99},
  MRNUMBER = {0337695 (49 \#2464)},
MRREVIEWER = {N. G. de Bruijn},
}
